@article{montesuma2024recent,
  title={Recent advances in optimal transport for machine learning},
  author={Montesuma, Eduardo Fernandes and Mboula, Fred Maurice Ngol{\`e} and Souloumiac, Antoine},
  journal={IEEE Transactions on Pattern Analysis and Machine Intelligence},
  year={2024},
  publisher={IEEE}
}

@article{torres2021survey,
  title={A survey on optimal transport for machine learning: Theory and applications},
  author={Torres, Luis Caicedo and Pereira, Luiz Manella and Amini, M Hadi},
  journal={arXiv preprint arXiv:2106.01963},
  year={2021}
}

@article{courty2017optimal,
  title={Optimal Transport for Domain Adaptation},
  author={Courty, Nicolas and Flamary, Remi and Tuia, Devis and Rakotomamonjy, Alain},
  year={2017},
  journal={IEEE Transactions on Pattern Analysis and Machine Intelligence},
  volume={39},
  number={9},
  pages={1853--1865}
}

@inproceedings{arjovsky2017wasserstein,
  title={Wasserstein Generative Adversarial Networks},
  booktitle={Proceedings of the 34th {{International Conference}} on {{Machine Learning}}},
  author={Arjovsky, Martin and Chintala, Soumith and Bottou, L{\'e}on},
  year={2017},
  pages={214--223}
}

@inproceedings{genevay2018learning,
  title={Learning Generative Models with {{Sinkhorn}} Divergences},
  booktitle={Proceedings of the {{Twenty-First International Conference}} on {{Artificial Intelligence}} and {{Statistics}}},
  author={Genevay, Aude and Peyre, Gabriel and Cuturi, Marco},
  year={2018},
  pages={1608--1617}
}

@inproceedings{huynh2021optimal,
  title={Optimal Transport for Deep Generative Models: {{State}} of the Art and Research Challenges},
  shorttitle={Optimal {{Transport}} for {{Deep Generative Models}}},
  booktitle={Twenty-{{Ninth International Joint Conference}} on {{Artificial Intelligence}}},
  author={Huynh, Viet and Phung, Dinh and Zhao, He},
  year={2021},
  volume={5},
  pages={4450--4457}
}

@inproceedings{laclau2017co,
  title={Co-clustering through optimal transport},
  author={Laclau, Charlotte and Redko, Ievgen and Matei, Basarab and Bennani, Younes and Brault, Vincent},
  booktitle={Proceedings of the 34th {{International Conference}} on {{Machine Learning}}},
  pages={1955--1964},
  year={2017}
}

@inproceedings{chen2020graph,
  title={Graph optimal transport for cross-domain alignment},
  author={Chen, Liqun and Gan, Zhe and Cheng, Yu and Li, Linjie and Carin, Lawrence and Liu, Jingjing},
  booktitle={Proceedings of the 37th {{International Conference}} on {{Machine Learning}}},
  pages={1542--1553},
  year={2020}
}



@book{villani2009optimal,
  title={Optimal transport: old and new},
  author={Villani, C{\'e}dric and others},
  year={2009},
  publisher={Springer}
}

@article{peyre2019computational,
  title={Computational optimal transport: With applications to data science},
  author={Peyr{\'e}, Gabriel and Cuturi, Marco and others},
  journal={Foundations and Trends{\textregistered} in Machine Learning},
  volume={11},
  number={5-6},
  pages={355--607},
  year={2019},
  publisher={Now Publishers, Inc.}
}

@inproceedings{cuturi2013sinkhorn,
  title={Sinkhorn distances: Lightspeed computation of optimal transport},
  author={Cuturi, Marco},
  booktitle={Advances in Neural Information Processing Systems},
  volume={26},
  year={2013}
}

@article{yule1912methods,
  title={On the Methods of Measuring Association between Two Attributes},
  author={Yule, G. Udny},
  year={1912},
  journal={Journal of the Royal Statistical Society},
  volume={75},
  number={6},
  pages={579--642}
}

@article{sinkhorn1964relationship,
  title={A Relationship Between Arbitrary Positive Matrices and Doubly Stochastic Matrices},
  author={Sinkhorn, Richard},
  year={1964},
  journal={The Annals of Mathematical Statistics},
  volume={35},
  number={2},
  pages={876--879}
}

@article{cuturi2018semidual,
  title={Semidual regularized optimal transport},
  author={Cuturi, Marco and Peyr{\'e}, Gabriel},
  journal={SIAM Review},
  volume={60},
  number={4},
  pages={941--965},
  year={2018}
}

@inproceedings{guminov2021combination,
  title={On a Combination of Alternating Minimization and {{Nesterov}}'s Momentum},
  booktitle={Proceedings of the 38th {{International Conference}} on {{Machine Learning}}},
  author={Guminov, Sergey and Dvurechensky, Pavel and Tupitsa, Nazarii and Gasnikov, Alexander},
  year={2021},
  pages={3886--3898}
}

@inproceedings{altschuler2017nearlinear,
  title={Near-Linear Time Approximation Algorithms for Optimal Transport via {{Sinkhorn}} Iteration},
  booktitle={Advances in Neural Information Processing Systems},
  author={Altschuler, Jason and {Niles-Weed}, Jonathan and Rigollet, Philippe},
  year={2017},
  volume={30}
}

@inproceedings{dvurechensky2018computational,
  title={Computational Optimal Transport: {{Complexity}} by Accelerated Gradient Descent Is Better Than by {{Sinkhorn}}'s Algorithm},
  booktitle={Proceedings of the 35th {{International Conference}} on {{Machine Learning}}},
  author={Dvurechensky, Pavel and Gasnikov, Alexander and Kroshnin, Alexey},
  year={2018},
  pages={1367--1376}
}

@article{lin2022efficiency,
  title={On the Efficiency of Entropic Regularized Algorithms for Optimal Transport},
  author={Lin, Tianyi and Ho, Nhat and Jordan, Michael I.},
  year={2022},
  journal={Journal of Machine Learning Research},
  volume={23},
  number={137},
  pages={1--42}
}

@article{brauer2017sinkhorn,
  title={A {{Sinkhorn}}-{{Newton}} method for entropic optimal transport},
  author={Brauer, Christoph and Clason, Christian and Lorenz, Dirk and Wirth, Benedikt},
  journal={arXiv preprint arXiv:1710.06635},
  year={2017}
}

@inproceedings{tang2024accelerating,
  title={Accelerating {{Sinkhorn}} Algorithm with Sparse {{Newton}} Iterations},
  booktitle={The {{Twelfth International Conference}} on {{Learning Representations}}},
  author={Tang, Xun and Shavlovsky, Michael and Rahmanian, Holakou and Tardini, Elisa and Thekumparampil, Kiran Koshy and Xiao, Tesi and Ying, Lexing},
  year={2024},
}

@inproceedings{tang2024safe,
  title={Safe and Sparse {{Newton}} Method for Entropic-Regularized Optimal Transport},
  author={Zihao Tang and Yixuan Qiu},
  booktitle={Advances in Neural Information Processing Systems},
  volume={38},
  year={2024}
}



@book{nocedal2006numerical,
  title={Numerical optimization},
  author={Nocedal, Jorge and Wright, Stephen J},
  year={2006},
  publisher={Springer}
}

@article{liu1989limited,
  title={On the Limited Memory {{BFGS}} Method for Large Scale Optimization},
  author={Liu, Dong C. and Nocedal, Jorge},
  year={1989},
  journal={Mathematical Programming},
  volume={45},
  number={1},
  pages={503--528},
}

@article{byrd1987global,
  title={Global convergence of a cass of quasi-{{Newton}} methods on convex problems},
  author={Byrd, Richard H and Nocedal, Jorge and Yuan, Ya-Xiang},
  journal={SIAM Journal on Numerical Analysis},
  volume={24},
  number={5},
  pages={1171--1190},
  year={1987},
  publisher={SIAM}
}

@article{more1994line,
  title={Line search algorithms with guaranteed sufficient decrease},
  author={Mor{\'e}, Jorge J and Thuente, David J},
  journal={ACM Transactions on Mathematical Software (TOMS)},
  volume={20},
  number={3},
  pages={286--307},
  year={1994},
  publisher={ACM New York, NY, USA}
}



@book{woodbury1950inverting,
  title={Inverting modified matrices},
  author={Woodbury, Max A},
  year={1950},
  publisher={Department of Statistics, Princeton University}
}

@phdthesis{khim2007frobenius,
  title={The Frobenius--Perron theorem},
  author={Khim, Suyeon},
  year={2007},
  school={Doctoral Dissertation, PhD thesis, The University of Chicago}
}

@article{magnus1985differentiating,
  title={On differentiating eigenvalues and eigenvectors},
  author={Magnus, Jan R},
  journal={Econometric theory},
  volume={1},
  number={2},
  pages={179--191},
  year={1985},
  publisher={Cambridge University Press}
}

@article{meyer1978singular,
  title={Singular {{M}}-matrices and inverse positivity},
  author={Meyer Jr, CD and Stadelmaier, MW},
  journal={Linear Algebra and its Applications},
  volume={22},
  pages={139--156},
  year={1978},
  publisher={Elsevier}
}



@article{lecun1998gradientbased,
  title={Gradient-Based Learning Applied to Document Recognition},
  author={Lecun, Y. and Bottou, L. and Bengio, Y. and Haffner, P.},
  year={1998},
  journal={Proceedings of the IEEE},
  volume={86},
  number={11},
  pages={2278--2324},
}

@article{xiao2017fashionmnist,
  title={Fashion-{{MNIST}}: a novel image dataset for benchmarking machine learning algorithms},
  author={Xiao, Han and Rasul, Kashif and Vollgraf, Roland},
  journal={arXiv preprint arXiv:1708.07747},
  year={2017}
}

@inproceedings{deng2009imagenet,
  title={{{ImageNet}}: {{A}} Large-Scale Hierarchical Image Database},
  booktitle={2009 {{IEEE Conference}} on {{Computer Vision}} and {{Pattern Recognition}}},
  author={Deng, Jia and Dong, Wei and Socher, Richard and Li, Li-Jia and Li, Kai and Li, Fei-Fei},
  year={2009},
  pages={248--255}
}

@article{li2023importance,
  title={Importance sparsification for Sinkhorn algorithm},
  author={Li, Mengyu and Yu, Jun and Li, Tao and Meng, Cheng},
  journal={Journal of Machine Learning Research},
  volume={24},
  number={247},
  pages={1--44},
  year={2023}
}

@article{carlier2022linear,
  title={On the linear convergence of the multimarginal Sinkhorn algorithm},
  author={Carlier, Guillaume},
  journal={SIAM Journal on Optimization},
  volume={32},
  number={2},
  pages={786--794},
  year={2022},
  publisher={SIAM}
}
